@article{st1,
    author = {Yang, Qiang and Wu, Xindong},
    year = {2006},
    month = {12},
    pages = {597-604},
    title = {10 Challenging Problems in Data Mining Research},
    volume = {05},
    journal = {International Journal of Information Technology & Decision Making (IJITDM)},
    doi = {10.1142/S0219622006002258}
}

@INPROCEEDINGS{st2,
    author={Chauhan, Sucheta and Vig, Lovekesh},
    booktitle={2015 IEEE International Conference on Data Science and Advanced Analytics (DSAA)}, 
    title={Anomaly detection in ECG time signals via deep long short-term memory networks},
    year={2015},
    volume={},
    number={},
    pages={1-7},
    doi={10.1109/DSAA.2015.7344872}
}

@inproceedings{st3,
    title={Comparison of algorithms for anomaly detection in flight Recorder data of airline operations},
    author={S. Das and L. Li and A. Srivastava and R. Hansman},
    year={2012}
}

@article{st4,
    doi = {10.1371/journal.pone.0196533},
    author = {Zhou, Wei AND Wen, Junhao AND Qu, Qiang AND Zeng, Jun AND Cheng, Tian},
    journal = {PLOS ONE},
    publisher = {Public Library of Science},
    title = {Shilling attack detection for recommender systems based on credibility of group users and rating time series},
    year = {2018},
    month = {05},
    volume = {13},
    url = {https://doi.org/10.1371/journal.pone.0196533},
    pages = {1-17},
    number = {5},
}

@article {st5,
	title = {Introduction to Financial Forecasting},
	journal = {Applied Intelligence},
	volume = {6},
	year = {1996},
	note = {n/a},
	pages = {205{\textendash}213},
	abstract = {n/a},
	doi = {10.1007/BF00126626},
	author = {Yaser S. Abu-Mostafa and Amir F. Atiya}
}

@book{st6, 
    author = {Box, George Edward Pelham and Jenkins, Gwilym}, 
    title = {Time Series Analysis, Forecasting and Control}, 
    year = {1990}, 
    isbn = {0816211043}, 
    publisher = {Holden-Day, Inc.}, 
    address = {USA} 
}

@article{st7fix,
author = {Tang, Zaiyong and Fishwick, Paul},
year = {1993},
month = {11},
pages = {374-385},
title = {Feedforward Neural Nets as Models for Time Series Forecasting},
volume = {5},
journal = {INFORMS Journal on Computing},
doi = {10.1287/ijoc.5.4.374}
}

@inproceedings{st7,
    author = {Kolarik, Thomas and Rudorfer, Gottfried},
    title = {Time Series Forecasting Using Neural Networks},
    year = {1994},
    isbn = {0897916751},
    publisher = {Association for Computing Machinery},
    address = {New York, NY, USA},
    url = {https://doi.org/10.1145/190271.190290},
    doi = {10.1145/190271.190290},
    booktitle = {Proceedings of the International Conference on APL : The Language and Its Applications: The Language and Its Applications},
    pages = {86–94},
    numpages = {9},
    location = {Antwerp, Belgium},
    series = {APL '94}
}

@article{st8,
  title={Stock market trend prediction using ARIMA-based neural networks},
  author={Jung-Hua Wang and Jia-Yann Leu},
  journal={Proceedings of International Conference on Neural Networks (ICNN'96)},
  year={1996},
  volume={4},
  pages={2160-2165 vol.4}
}

@article{st9,
    author = {Adamowski, Jan and Fung Chan, Hiu and Prasher, Shiv O. and Ozga-Zielinski, Bogdan and Sliusarieva, Anna},
    title = {Comparison of multiple linear and nonlinear regression, autoregressive integrated moving average, artificial neural network, and wavelet artificial neural network methods for urban water demand forecasting in Montreal, Canada},
    journal = {Water Resources Research},
    volume = {48},
    number = {1},
    pages = {},
    keywords = {forecasting, neural networks, time series analysis, water demand},
    doi = {https://doi.org/10.1029/2010WR009945},
    url = {https://agupubs.onlinelibrary.wiley.com/doi/abs/10.1029/2010WR009945},
    eprint = {https://agupubs.onlinelibrary.wiley.com/doi/pdf/10.1029/2010WR009945},
    year = {2012}
}

@book{st10,
    author = {Jain, L. C. and Medsker, L. R.},
    title = {Recurrent Neural Networks: Design and Applications},
    year = {1999},
    isbn = {0849371813},
    publisher = {CRC Press, Inc.},
    address = {USA},
    edition = {1st}
}

@article{st11,
    author = {Hochreiter, Sepp and Schmidhuber, J\"{u}rgen},
    title = {Long Short-Term Memory},
    year = {1997},
    issue_date = {November 15, 1997},
    publisher = {MIT Press},
    address = {Cambridge, MA, USA},
    volume = {9},
    number = {8},
    issn = {0899-7667},
    url = {https://doi.org/10.1162/neco.1997.9.8.1735},
    doi = {10.1162/neco.1997.9.8.1735},
    journal = {Neural Comput.},
    month = nov,
    pages = {1735–1780},
    numpages = {46}
}

@INPROCEEDINGS{st12,  
    author={Keogh, E. and Lin, J. and Fu, A.},  
    booktitle={Fifth IEEE International Conference on Data Mining (ICDM'05)},   
    title={HOT SAX: efficiently finding the most unusual time series subsequence},   year={2005},  
    volume={},  
    number={},  
    pages={8 pp.-},  
    doi={10.1109/ICDM.2005.79}
}

@inproceedings{st13,
    author = {Bu, Yingyi and Leung, Oscar and Fu, Ada and Keogh, Eamonn and Pei, Jian and Meshkin, Sam},
    year = {2007},
    month = {04},
    pages = {},
    title = {WAT: Finding Top- K Discords in Time Series Database},
    doi = {10.1137/1.9781611972771.43}
}

@inproceedings{st14,
    author = {Malhotra, Pankaj and Vig, Lovekesh and Shroff, Gautam and Agarwal, Puneet},
    year = {2015},
    month = {04},
    pages = {},
    title = {Long Short Term Memory Networks for Anomaly Detection in Time Series}
}

@inbook{st15,
    author = {Buda, Teodora and Caglayan, Bora and Assem, Haytham},
    year = {2018},
    month = {06},
    pages = {577-588},
    title = {DeepAD: A Generic Framework Based on Deep Learning for Time Series Anomaly Detection},
    isbn = {978-3-319-93033-6},
    doi = {10.1007/978-3-319-93034-3_46}
}

@article{st16,
    author = {Patcha, Animesh and Park, Jung-Min (Jerry)},
    year = {2007},
    month = {08},
    pages = {3448-3470},
    title = {An overview of anomaly detection techniques: Existing solutions and latest technological trends},
    volume = {51},
    journal = {Computer Networks},
    doi = {10.1016/j.comnet.2007.02.001}
}

@INPROCEEDINGS{st17,  
    author={An, Nguyen Hoang and Anh, Duong Tuan},  
    booktitle={2015 International Conference on Advanced Computing and Applications (ACOMP)}, title={Comparison of Strategies for Multi-step-Ahead Prediction of Time Series Using Neural Network},   
    year={2015},  
    volume={},  
    number={},  
    pages={142-149},  
    doi={10.1109/ACOMP.2015.24}
}

@ARTICLE{st18,  
    author={Bengio, Y. and Simard, P. and Frasconi, P.},  
    journal={IEEE Transactions on Neural Networks},   
    title={Learning long-term dependencies with gradient descent is difficult},   
    year={1994},  
    volume={5},  
    number={2},  
    pages={157-166},  
    doi={10.1109/72.279181}
}

@inproceedings{st19,
 author = {Hermans, Michiel and Schrauwen, Benjamin},
    booktitle = {Advances in Neural Information Processing Systems},
    editor = {C. J. C. Burges and L. Bottou and M. Welling and Z. Ghahramani and K. Q. Weinberger},
    pages = {},
    publisher = {Curran Associates, Inc.},
    title = {Training and Analysing Deep Recurrent Neural Networks},
    url = {https://proceedings.neurips.cc/paper/2013/file/1ff8a7b5dc7a7d1f0ed65aaa29c04b1e-Paper.pdf},
    volume = {26},
    year = {2013}
}

@misc{st20,
    title={How to Construct Deep Recurrent Neural Networks}, 
    author={Razvan Pascanu and Caglar Gulcehre and Kyunghyun Cho and Yoshua Bengio},
    year={2014},
    eprint={1312.6026},
    archivePrefix={arXiv},
    primaryClass={cs.NE}
}

@misc{st21,
    title={Grid Long Short-Term Memory}, 
    author={Nal Kalchbrenner and Ivo Danihelka and Alex Graves},
    year={2016},
    eprint={1507.01526},
    archivePrefix={arXiv},
    primaryClass={cs.NE}
}

@INPROCEEDINGS{st22,  
    author={Truc, Nguyen Van and Anh, Duong Tuan},  
    booktitle={2018 4th International Conference on Green Technology and Sustainable Development (GTSD)},   
    title={Chaotic Time Series Prediction Using Radial Basis Function Networks},   year={2018},  
    volume={},  
    number={},  
    pages={753-758},  
    doi={10.1109/GTSD.2018.8595677}
}

@inproceedings{st23,
    author = {Mikolov, Tomas and Karafiát, Martin and Burget, Lukas and Cernocký, Jan and Khudanpur, Sanjeev},
    year = {2010},
    month = {01},
    pages = {1045-1048},
    title = {Recurrent neural network based language model},
    volume = {2},
    journal = {Proceedings of the 11th Annual Conference of the International Speech Communication Association, INTERSPEECH 2010}
}

@article{st24,
    author = {LeCun, Yann and Bengio, Y. and Hinton, Geoffrey},
    year = {2015},
    month = {05},
    pages = {436-44},
    title = {Deep Learning},
    volume = {521},
    journal = {Nature},
    doi = {10.1038/nature14539}
}

@article{st25,
   title={Evaluating Real-Time Anomaly Detection Algorithms -- The Numenta Anomaly Benchmark},
   ISBN={9781509002870},
   url={http://dx.doi.org/10.1109/ICMLA.2015.141},
   DOI={10.1109/icmla.2015.141},
   journal={2015 IEEE 14th International Conference on Machine Learning and Applications (ICMLA)},
   publisher={IEEE},
   author={Lavin, Alexander and Ahmad, Subutai},
   year={2015},
   month={Dec}
}

@inproceedings{st28,
  title={Anomaly Detection in Real-Valued Multidimensional Time Series},
  author={M. Jones and D. Nikovski and M. Imamura and T. Hirata},
  year={2014}
}

@inproceedings{st29,
    author = {Chuah, Mooi Choo and Fu, Fen},
    year = {2007},
    month = {08},
    pages = {123-135},
    title = {ECG Anomaly Detection via Time Series Analysis},
    isbn = {978-3-540-74766-6},
    doi = {10.1007/978-3-540-74767-3_14}
}

@article{st30,
   author={Nguyễn Văn Hiền (2019)},
   title={Xây dựng giải thuật phát hiện bất thường trên dữ liệu chuỗi thời gian dựa vào quy hoạch động},
   journal={Luận văn đại học, Đại Học Bách Khoa TP.HCM}
}

@article{st31,
    author = {Zhang, Lei and Yang, Linghui and Gu, Chengyu and Li, Da},
    year = {2020},
    month = {01},
    pages = {01004},
    title = {LSTM-based Short-term Electrical Load Forecasting and Anomaly Correction},
    volume = {182},
    journal = {E3S Web of Conferences},
    doi = {10.1051/e3sconf/202018201004}
}

@misc{st32,
    title={LSTM-based Encoder-Decoder for Multi-sensor Anomaly Detection}, 
    author={Pankaj Malhotra and Anusha Ramakrishnan and Gaurangi Anand and Lovekesh Vig and Puneet Agarwal and Gautam Shroff},
    year={2016},
    eprint={1607.00148},
    archivePrefix={arXiv},
    primaryClass={cs.AI}
}

@article{st33,
author = {Keogh, Eamonn and Chakrabarti, Kaushik and Pazzani, Michael and Mehrotra, Sharad},
year = {2002},
month = {01},
pages = {},
title = {Dimensionality Reduction for Fast Similarity Search in Large Time Series Databases},
volume = {3},
journal = {Knowledge and Information Systems},
doi = {10.1007/PL00011669}
}

@inproceedings{st34,
author = {Lin, Jessica and Keogh, Eamonn and Lonardi, Stefano and Chiu, Bill},
year = {2003},
month = {01},
pages = {2-11},
title = {A Symbolic Representation of Time Series, with Implications for Streaming Algorithms},
journal = {Proceedings of the 8th ACM SIGMOD Workshop on Research Issues in Data Mining and Knowledge Discovery, DMKD '03},
doi = {10.1145/882082.882086}
}

@article{st35,
author = {Keogh, Eamonn and Chakrabarti, Kaushik and Pazzani, Michael and Mehrotra, Sharad},
year = {2002},
month = {01},
pages = {},
title = {Dimensionality Reduction for Fast Similarity Search in Large Time Series Databases},
volume = {3},
journal = {Knowledge and Information Systems},
doi = {10.1007/PL00011669}
}

@inproceedings{st36,
author = {Lin, Jessica and Keogh, Eamonn and Lonardi, Stefano and Chiu, Bill},
year = {2003},
month = {01},
pages = {2-11},
title = {A Symbolic Representation of Time Series, with Implications for Streaming Algorithms},
journal = {Proceedings of the 8th ACM SIGMOD Workshop on Research Issues in Data Mining and Knowledge Discovery, DMKD '03},
doi = {10.1145/882082.882086}
}